<record><leader>00000cas a22000007a 4500</leader><controlfield tag="001">12984288</controlfield><controlfield tag="008">860107d19121920utudr ne      0    0eng d</controlfield><datafield ind1=" " ind2=" " tag="010"><subfield code="a">sn 85058395 </subfield></datafield><datafield ind1=" " ind2=" " tag="040"><subfield code="a">UNP</subfield><subfield code="b">eng</subfield><subfield code="c">UNP</subfield><subfield code="d">OCLCQ</subfield></datafield><datafield ind1=" " ind2=" " tag="042"><subfield code="a">msc</subfield></datafield><datafield ind1=" " ind2="4" tag="050"><subfield code="a">AN1</subfield><subfield code="b">.O34252</subfield></datafield><datafield ind1="0" ind2="4" tag="245"><subfield code="a">The Ogden examiner.</subfield></datafield><datafield ind1=" " ind2=" " tag="260"><subfield code="a">Ogden, Utah :</subfield><subfield code="b">Ogden Examiner Pub. Co.,</subfield><subfield code="c">-1920.</subfield></datafield><datafield ind1=" " ind2=" " tag="300"><subfield code="a">v. :</subfield><subfield code="b">ill.</subfield></datafield><datafield ind1=" " ind2=" " tag="310"><subfield code="a">Daily</subfield></datafield><datafield ind1="1" ind2=" " tag="362"><subfield code="a">Began in 1912.</subfield></datafield><datafield ind1="0" ind2=" " tag="362"><subfield code="a">-v. 18, no. 95 (Apr. 4, 1920).</subfield></datafield><datafield ind1=" " ind2=" " tag="580"><subfield code="a">Merged with: Ogden standard (Ogden, Utah : 1913), to form: Ogden standard-examiner.</subfield></datafield><datafield ind1=" " ind2=" " tag="588"><subfield code="a">Description based on: Vol. 9, no. 92 (Apr. 1, 1912).</subfield></datafield><datafield ind1=" " ind2=" " tag="752"><subfield code="a">United States</subfield><subfield code="b">Utah</subfield><subfield code="c">Weber</subfield><subfield code="d">Ogden.</subfield></datafield><datafield ind1="1" ind2="7" tag="785"><subfield code="t">Ogden standard (Ogden, Utah : 1913)</subfield><subfield code="w">(DLC)sn 85058396</subfield><subfield code="w">(OCoLC)12982876</subfield></datafield><datafield ind1="1" ind2="7" tag="785"><subfield code="t">Ogden standard-examiner</subfield><subfield code="w">(DLC)sn 85058393</subfield><subfield code="w">(OCoLC)12983206</subfield></datafield><datafield ind1="1" ind2=" " tag="029"><subfield code="a">AU@</subfield><subfield code="b">000023482081</subfield></datafield></record>